@article{hausenblas2025improving,
  title        = {Improving network dynamic pricing policies through offline reinforcement learning: P. Hausenblas et al.},
  author       = {Hausenblas, Philipp and Eichhorn, Dominik and Brieden, Andreas and Soppert, Matthias and Steinhardt, Claudius},
  journal      = {OR Spectrum},
  pages        = {1--50},
  year         = {2025},
  publisher    = {Springer},
  doi          = {10.1007/s00291-025-00821-2},
  url          = {https://link.springer.com/article/10.1007/s00291-025-00821-2},
  note         = {Open Access}
}